%YAML 1.1
%TAG !u! tag:unity3d.com,2011:
--- !u!243 &-9147464643911605414
AudioMixerGroupController:
  m_ObjectHideFlags: 0
  m_CorrespondingSourceObject: {fileID: 0}
  m_PrefabInstance: {fileID: 0}
  m_PrefabAsset: {fileID: 0}
  m_Name: Musik
  m_AudioMixer: {fileID: 24100000}
  m_GroupID: ac980f48bebdcdf449d85f590cd23898
  m_Children: []
  m_Volume: b0e4079cb76a3a042919b959cad40dde
  m_Pitch: 56304c060885e51458ccbf2be4293640
  m_Send: 00000000000000000000000000000000
  m_Effects:
  - {fileID: -7093664299950422357}
  m_UserColorIndex: 0
  m_Mute: 0
  m_Solo: 0
  m_BypassEffects: 0
--- !u!244 &-7093664299950422357
AudioMixerEffectController:
  m_ObjectHideFlags: 3
  m_CorrespondingSourceObject: {fileID: 0}
  m_PrefabInstance: {fileID: 0}
  m_PrefabAsset: {fileID: 0}
  m_Name: 
  m_EffectID: b1e02eafac5ba054ebd5cf1b1956d759
  m_EffectName: Attenuation
  m_MixLevel: a8f3b53d29ef480479604ad86b5741bb
  m_Parameters: []
  m_SendTarget: {fileID: 0}
  m_EnableWetMix: 0
  m_Bypass: 0
--- !u!241 &24100000
AudioMixerController:
  m_ObjectHideFlags: 0
  m_CorrespondingSourceObject: {fileID: 0}
  m_PrefabInstance: {fileID: 0}
  m_PrefabAsset: {fileID: 0}
  m_Name: MusikAudioMixer
  m_OutputGroup: {fileID: 0}
  m_MasterGroup: {fileID: 24300002}
  m_Snapshots:
  - {fileID: 24500006}
  m_StartSnapshot: {fileID: 24500006}
  m_SuspendThreshold: -80
  m_EnableSuspend: 1
  m_UpdateMode: 0
  m_ExposedParameters:
  - guid: 0b773562541c2ee48883f6e275068bba
    name: effekteVolumen
  - guid: 493b4c4e4c9f6ca4cb49e05492c1fb2f
    name: masterVolumen
  - guid: b0e4079cb76a3a042919b959cad40dde
    name: musikVolumen
  m_AudioMixerGroupViews:
  - guids:
    - 76fce658feeec764296b098f41e23f6b
    - ac980f48bebdcdf449d85f590cd23898
    - e5e2b992d901eb24b8368a26fbd8a406
    name: View
  m_CurrentViewIndex: 0
  m_TargetSnapshot: {fileID: 24500006}
--- !u!243 &24300002
AudioMixerGroupController:
  m_ObjectHideFlags: 0
  m_CorrespondingSourceObject: {fileID: 0}
  m_PrefabInstance: {fileID: 0}
  m_PrefabAsset: {fileID: 0}
  m_Name: Master
  m_AudioMixer: {fileID: 24100000}
  m_GroupID: 76fce658feeec764296b098f41e23f6b
  m_Children:
  - {fileID: -9147464643911605414}
  - {fileID: 3811415595869859570}
  m_Volume: 493b4c4e4c9f6ca4cb49e05492c1fb2f
  m_Pitch: 32a99e85f95ffcd4993fba3951126240
  m_Send: 00000000000000000000000000000000
  m_Effects:
  - {fileID: 24400004}
  m_UserColorIndex: 0
  m_Mute: 0
  m_Solo: 0
  m_BypassEffects: 0
--- !u!244 &24400004
AudioMixerEffectController:
  m_ObjectHideFlags: 3
  m_CorrespondingSourceObject: {fileID: 0}
  m_PrefabInstance: {fileID: 0}
  m_PrefabAsset: {fileID: 0}
  m_Name: 
  m_EffectID: dab4b8a8b5c85a840a55941e658d7c0b
  m_EffectName: Attenuation
  m_MixLevel: 4aaf2e10ef2708a4ca0c14b7199e258c
  m_Parameters: []
  m_SendTarget: {fileID: 0}
  m_EnableWetMix: 0
  m_Bypass: 0
--- !u!245 &24500006
AudioMixerSnapshotController:
  m_ObjectHideFlags: 0
  m_CorrespondingSourceObject: {fileID: 0}
  m_PrefabInstance: {fileID: 0}
  m_PrefabAsset: {fileID: 0}
  m_Name: Snapshot
  m_AudioMixer: {fileID: 24100000}
  m_SnapshotID: dda36f8e883fad346a23b8bfd1376bb6
  m_FloatValues: {}
  m_TransitionOverrides: {}
--- !u!243 &3811415595869859570
AudioMixerGroupController:
  m_ObjectHideFlags: 0
  m_CorrespondingSourceObject: {fileID: 0}
  m_PrefabInstance: {fileID: 0}
  m_PrefabAsset: {fileID: 0}
  m_Name: Effekte
  m_AudioMixer: {fileID: 24100000}
  m_GroupID: e5e2b992d901eb24b8368a26fbd8a406
  m_Children: []
  m_Volume: 0b773562541c2ee48883f6e275068bba
  m_Pitch: aefad114321c7d74a81374a383c0f9c6
  m_Send: 00000000000000000000000000000000
  m_Effects:
  - {fileID: 7175926449087339084}
  m_UserColorIndex: 0
  m_Mute: 0
  m_Solo: 0
  m_BypassEffects: 0
--- !u!244 &7175926449087339084
AudioMixerEffectController:
  m_ObjectHideFlags: 3
  m_CorrespondingSourceObject: {fileID: 0}
  m_PrefabInstance: {fileID: 0}
  m_PrefabAsset: {fileID: 0}
  m_Name: 
  m_EffectID: 355732bc8aa094c4b8c33b08f80bcc6c
  m_EffectName: Attenuation
  m_MixLevel: a9d4eeeca27af6f4486251fcc412a404
  m_Parameters: []
  m_SendTarget: {fileID: 0}
  m_EnableWetMix: 0
  m_Bypass: 0
